@misc{walmart2017,
    author    = "Walmart",
    title     = "Walmart 2017 Annual Report",
    howpublished = "http://s2.q4cdn.com/056532643/files/doc_financials/2017/Annual/WMT_2017_AR-(1).pdf",
    year     = "2017"
}

@misc{amazon2017,
    author    = "Amazon.com",
    title     = "Q4 2017 Financial Results",
    howpublished = "http://phx.corporate-ir.net/External.File?item=UGFyZW50SUQ9Njg3NTU4fENoaWxkSUQ9Mzk3ODEwfFR5cGU9MQ==&t=1",
    year     = "2017"
}

@online{forbes2017,
author = {Trefis Team},
title  = {How Much Of Wal-Mart's Revenue Will Come From E-Commerce In 2020?},
date   = {2017-11-27},
url    = {https://www.forbes.com/sites/greatspeculations/2017/11/27/how-much-of-wal-marts-revenue-will-come-from-e-commerce-in-2020/#5c309f7259f2},
publisher = {Forbes}
}

@techreport{censusECom,
 title = "Quarterly Retail E-Commerce Sales",
 author = "{U.S. Census Bureau}",
 type = "Report",
 year = 2018,
 URL = "https://www.census.gov/retail/index.html",
}

@TechReport{coibion2017,
  author      = {Olivier Coibion and Yuriy Gorodnichenko and Dmitri Koustas},
  title       = {Consumption Inequality and the Frequency of Purchases},
  institution = {National Bureau of Economic Research},
  year        = {2017},
  type        = {Working Paper},
  number      = {23357},
  month       = {April},
  series      = {Working Paper Series},
  url         = {http://www.nber.org/papers/w23357},
}

@article{orhun2018,
  title={Frugality is Hard to Afford},
  author={A. Ye\c{s}im Orhun and Michael Palazzolo},
  journal={Journal of Marketing Research},
  volume={Forthcoming},
  publisher={American Marketing Association}
}

@article{nevo2009,
  title={Consumer shopping behavior: how much do consumers save?},
  author={Griffith, Rachel and Leibtag, Ephraim and Leicester, Andrew and Nevo, Aviv},
  journal={Journal of Economic Perspectives},
  volume={23},
  number={2},
  pages={99--120},
  year={2009}
}

@techreport{nevo2018,
  title={The elasticity of substitution between time and market goods: Evidence from the Great Recession},
  author={Nevo, Aviv and Wong, Arlene},
  year={2018},
  institution={National Bureau of Economic Research}
}

@article{talukdar2008,
  title={Cost of being poor: retail price and consumer price search differences across inner-city and suburban neighborhoods},
  author={Talukdar, Debabrata},
  journal={Journal of Consumer Research},
  volume={35},
  number={3},
  pages={457--471},
  year={2008},
  publisher={The University of Chicago Press}
}

@article{kaplan2015,
  title={The morphology of price dispersion},
  author={Kaplan, Greg and Menzio, Guido},
  journal={International Economic Review},
  volume={56},
  number={4},
  pages={1165--1206},
  year={2015},
  publisher={Wiley Online Library}
}

@article{kaplan2017,
  title={Inflation at the household level},
  author={Kaplan, Greg and Schulhofer-Wohl, Sam},
  journal={Journal of Monetary Economics},
  volume={91},
  pages={19--38},
  year={2017},
  publisher={Elsevier}
}

@article{jaravel2016,
  title={The unequal gains from product innovations: Evidence from the us retail sector},
  author={Jaravel, Xavier},
  year={2016}
}

@article{handbury2013,
  title={Are poor cities cheap for everyone? non-homotheticity and the cost of living across us cities},
  author={Handbury, Jessie},
  year={2013}
}

@techreport{kaplan2016,
 title = "Relative Price Dispersion: Evidence and Theory",
 author = "Kaplan, Greg and Menzio, Guido and Rudanko, Leena and Trachter, Nicholas",
 institution = "National Bureau of Economic Research",
 type = "Working Paper",
 series = "Working Paper Series",
 number = "21931",
 year = "2016",
 month = "January",
 doi = {10.3386/w21931},
 URL = "http://www.nber.org/papers/w21931",
}
